<record><leader>00000cas a22000007a 4500</leader><controlfield tag="001">12619461</controlfield><controlfield tag="008">850930d18971907iauwr ne      0    0eng d</controlfield><datafield ind1=" " ind2=" " tag="010"><subfield code="a">sn 85050957 </subfield></datafield><datafield ind1=" " ind2=" " tag="040"><subfield code="a">INP</subfield><subfield code="b">eng</subfield><subfield code="c">INP</subfield><subfield code="d">OCLCQ</subfield></datafield><datafield ind1=" " ind2=" " tag="042"><subfield code="a">msc</subfield></datafield><datafield ind1="0" ind2=" " tag="130"><subfield code="a">Mediapolis news (Mediapolis, Iowa : 1897)</subfield></datafield><datafield ind1="1" ind2="4" tag="245"><subfield code="a">The Mediapolis news.</subfield></datafield><datafield ind1=" " ind2=" " tag="260"><subfield code="a">Mediapolis, Iowa :</subfield><subfield code="b">Mediapolis Print. and Pub. Co.,</subfield><subfield code="c">1897-1907.</subfield></datafield><datafield ind1=" " ind2=" " tag="300"><subfield code="a">10 v. :</subfield><subfield code="b">ill.</subfield></datafield><datafield ind1=" " ind2=" " tag="310"><subfield code="a">Weekly</subfield></datafield><datafield ind1="0" ind2=" " tag="362"><subfield code="a">Vol. 1, no. 1 (Mar. 6, 1897)-v. 10, no. 52 (Feb. 28, 1907).</subfield></datafield><datafield ind1=" " ind2=" " tag="500"><subfield code="a">"A home paper, devoted to the interests of its supporters and the public good, paid for by many, borrowed by some, but read by all," Mar. 7, 1900-Feb. 28, 1907.</subfield></datafield><datafield ind1=" " ind2=" " tag="500"><subfield code="a">Editors: C.L. Smith, Mar. 3, 1898-Apr. 27, 1899; J.A. Bridges, -Jan. 8, 1907.</subfield></datafield><datafield ind1=" " ind2=" " tag="525"><subfield code="a">Includes occasional supplements.</subfield></datafield><datafield ind1=" " ind2=" " tag="752"><subfield code="a">United States</subfield><subfield code="b">Iowa</subfield><subfield code="c">Des Moines</subfield><subfield code="d">Mediapolis.</subfield></datafield><datafield ind1="0" ind2="7" tag="785"><subfield code="t">New era (Mediapolis, Iowa)</subfield><subfield code="w">(DLC)sn 86060026</subfield></datafield><datafield ind1="0" ind2="7" tag="785"><subfield code="t">Mediapolis new era-news</subfield><subfield code="w">(DLC)sn 86060025</subfield></datafield><datafield ind1="1" ind2=" " tag="029"><subfield code="a">AU@</subfield><subfield code="b">000025790508</subfield></datafield></record>